% This file was created with Citavi 5.6.0.2

@book{rabe.2018,
Author = {Rabe, Barry G.},
ISBN = {9780262346580},
Publisher = {MIT Press},
Title = {Can We Price Carbon?},
URL = {https://ebookcentral-proquest-com.ezproxy-dhma-1.redi-bw.de/lib/dhbw-mannheim/detail.action?docID=5351324},
Year = {2018},
}

@misc{eu.2023,
 abstract = {},
 author = {{Europäische Kommission}},
 editor = {{Climate Action - European Commission}},
 year = {2023},
 title = {What is the EU ETS?},
 howpublished = {\url{https://climate.ec.europa.eu/eu-action/eu-emissions-trading-system-eu-ets/what-eu-ets_en}},
 address = {o.O.},
 urldate = {2023-12-14}
}

@misc{eu2.2023,
 abstract = {},
 author = {{Europäische Kommission}},
 editor = {{Climate Action - European Commission}},
 year = {2023},
 title = {Free allocation},
 howpublished = {\url{https://climate.ec.europa.eu/eu-action/eu-emissions-trading-system-eu-ets/free-allocation_en}},
 address = {o.O.},
 urldate = {2023-12-14}
}

@misc{eu3.2023,
 abstract = {},
 author = {{Europäische Kommission}},
 editor = {{Climate Action - European Commission}},
 year = {2023},
 title = {Market Stability Reserve},
 howpublished = {\url{https://climate.ec.europa.eu/eu-action/eu-emissions-trading-system-eu-ets/market-stability-reserve_en}},
 address = {o.O.},
 urldate = {2023-12-17}
}

@misc{dehst.2023,
 abstract = {},
 author = {{Deutsche Emissionshandelsstelle}},
 editor = {{Webseite der Deutschen Emissionshandelsstelle}},
 year = {2024},
 title = {Nationalen Emissionshandel verstehen},
 howpublished = {\url{https://www.dehst.de/DE/Nationaler-Emissionshandel/nEHS-verstehen/nehs-verstehen_node.html}},
 address = {o.O.},
 urldate = {2024-01-19}
}

@misc{dehst2.2023,
 abstract = {},
 author = {{Deutsche Emissionshandelsstelle}},
 editor = {{Webseite der Deutschen Emissionshandelsstelle}},
 year = {2023},
 title = {Carbon Leakage},
 howpublished = {\url{https://www.dehst.de/DE/Nationaler-Emissionshandel/Carbon-Leakage/carbon-leakage_node.html}},
 address = {o.O.},
 urldate = {2023-12-17}
}

@misc{dehst3.2023,
 abstract = {},
 author = {{Deutsche Emissionshandelsstelle}},
 editor = {{Webseite der Deutschen Emissionshandelsstelle}},
 year = {2022},
 title = {EU-ETS auf einen Blick},
 howpublished = {\url{https://www.dehst.de/DE/Europaeischer-Emissionshandel/EU-Emissionshandel-verstehen/EU-ETS-auf-einen-Blick/EU-ETS-auf-einen-Blick_node.html#:~:text=Alle\%20im\%20EU\%2DETS\%20erfassten,27\%20Millionen\%20Tonnen\%20CO2\%2DÄq\%20.}},
 address = {o.O.},
 urldate = {2023-12-17}
}

@misc{ub.2023,
 abstract = {},
 author = {{Umweltbundesamt}},
 editor = {{Webseite des Umweltbundesamtes}},
 year = {2023},
 title = {Der EU-Emissionshandel wird umfassend reformiert},
 howpublished = {\url{https://www.umweltbundesamt.de/themen/der-eu-emissionshandel-wird-umfassend-reformiert}},
 address = {o.O.},
 urldate = {2023-12-17}
}

@misc{ub2.2023,
 abstract = {},
 author = {{Umweltbundesamt}},
 editor = {{Webseite des Umweltbundesamtes}},
 year = {2023},
 title = {Einführung eines CO2-Grenzausgleichssystems (CBAM) in der EU},
 howpublished = {\url{https://www.umweltbundesamt.de/sites/default/files/medien/11850/publikationen/cbam_factsheet_de.pdf}},
 address = {o.O.},
 urldate = {2023-12-17}
}

@misc{ub3.2023,
 abstract = {},
 author = {{Umweltbundesamt}},
 editor = {{Webseite des Umweltbundesamtes}},
 year = {2023},
 title = {Einführung eines CO2-Grenzausgleichssystems (CBAM) in der EU},
 howpublished = {\url{https://www.umweltbundesamt.de/daten/klima/der-europaeische-emissionshandel#teilnehmer-prinzip-und-umsetzung-des-europaischen-emissionshandels}},
 address = {o.O.},
 urldate = {2023-12-17}
}

@misc{ub4.2023,
 abstract = {},
 author = {{Umweltbundesamt}},
 editor = {{Webseite des Umweltbundesamtes}},
 year = {2023},
 title = {Gesellschaftliche Kosten von Umweltbelastungen},
 howpublished = {\url{https://www.umweltbundesamt.de/daten/umwelt-wirtschaft/gesellschaftliche-kosten-von-umweltbelastungen#gesamtwirtschaftliche-bedeutung-der-umweltkosten}},
 address = {o.O.},
 urldate = {2023-12-17}
}

@misc{icap.2023,
 abstract = {},
 author = {{ICAP}},
 editor = {{Offical Website of the International Carbon Action Partnership}},
 year = {2023},
 title = {EMISSIONS TRADING WORLDWIDE - STATUS REPORT 2023},
 howpublished = {\url{https://icapcarbonaction.com/system/files/document/ICAP\%20Emissions\%20Trading\%20Worldwide\%202023\%20Status\%20Report_0.pdf}},
 address = {o.O.},
 urldate = {2023-12-16}
}

@misc{icap2.2023,
 abstract = {},
 author = {{ICAP}},
 editor = {{Offical Website of the International Carbon Action Partnership}},
 year = {2022},
 title = {EU Emissions Trading System (EU ETS)},
 howpublished = {\url{https://icapcarbonaction.com/system/files/ets_pdfs/icap-etsmap-factsheet-43.pdf}},
 address = {o.O.},
 urldate = {2023-12-17}
}

@misc{eu.2024,
 abstract = {},
 author = {{Europäische Kommission}},
 editor = {{Offizielle Webseite der Europäischen Kommission}},
 year = {2023},
 title = {Auctioning},
 howpublished = {\url{https://climate.ec.europa.eu/eu-action/eu-emissions-trading-system-eu-ets/auctioning_en}},
 address = {o.O.},
 urldate = {2024-01-19}
}

@book{hubert.2020,
Author = {Hubert, Frank},
ISBN = {9783170373921},
Publisher = {Verlag W. Kohlhammer},
Title = {Globaler Klimawandel aus ökonomischer Perspektive : mikro- und makroökonomische Konsequenzen, Lösungsansätze und Handlungsoptionen / Frank Hubert.},
URL = {https://login.ezproxy-dhma.redi-bw.de/login?url=https://search.ebscohost.com/login.aspx?direct=true&amp;db=cat09336a&amp;AN=bkm.1733445617&amp;lang=de&amp;site=eds-live},
Year = {2020},
}

@book{hubert.2019,
Author = {Hubert, Frank},
ISBN = {9783470001531},
Publisher = {NWB Verlag},
Series = {Kompakt-Training Praktische Betriebswirtschaft},
Title = {VWL für BWLer / von Prof. Dr. Frank Hubert.},
URL = {https://login.ezproxy-dhma.redi-bw.de/login?url=https://search.ebscohost.com/login.aspx?direct=true&amp;db=cat09336a&amp;AN=bkm.1686463200&amp;lang=de&amp;site=eds-live},
Year = {2019},
}

@misc{pettinger.2017,
 abstract = {},
 author = {Pettinger, Tejvan},
 editor = {{economicshelp.org}},
 year = {2017},
 title = {Carbon Trading Schemes},
 howpublished = {\url{https://www.economicshelp.org/blog/2204/economics/carbon-trading-schemes/}},
 address = {o.O.},
 urldate = {2024-01-19}
}

@misc{epa.2023,
 abstract = {},
 author = {{EPA}},
 editor = {{Offical Website of the United States Environmental Protection Agency}},
 year = {2023},
 title = {Understanding Global Warming Potentials},
 howpublished = {\url{https://www.epa.gov/ghgemissions/understanding-global-warming-potentials}},
 address = {o.O.},
 urldate = {2024-01-19}
}